<record xmlns='http://www.loc.gov/MARC21/slim'><leader>01162cam a22002771a 4500</leader><controlfield tag='001'>5744995</controlfield><controlfield tag='005'>20170421170651.0</controlfield><controlfield tag='008'>090107s1968    ch      r     000 0 chi d</controlfield><datafield ind1='7' ind2=' ' tag='016'><subfield code='a'>100687048</subfield><subfield code='2'>ChTaNC</subfield></datafield><datafield ind1=' ' ind2=' ' tag='035'><subfield code='a'>(OCoLC)297204323</subfield></datafield><datafield ind1=' ' ind2=' ' tag='040'><subfield code='a'>CYT</subfield><subfield code='b'>chi</subfield><subfield code='c'>CYT</subfield><subfield code='d'>CYT</subfield><subfield code='e'>CCR</subfield></datafield><datafield ind1=' ' ind2=' ' tag='084'><subfield code='a'>573.551</subfield><subfield code='b'>8578</subfield><subfield code='2'>ncsclt</subfield></datafield><datafield ind1='0' ind2='0' tag='245'><subfield code='6'>880-01</subfield><subfield code='a'>Zhong hua min guo guo min da hui jian jie /</subfield><subfield code='c'>Guo min da hui mi shu chu bian.</subfield></datafield><datafield ind1='0' ind2='0' tag='880'><subfield code='6'>245-01</subfield><subfield code='a'>中華民國國民大會簡介 /</subfield><subfield code='c'>國民大會秘書處編</subfield></datafield><datafield ind1=' ' ind2=' ' tag='260'><subfield code='6'>880-02</subfield><subfield code='a'>Tai bei shi :</subfield><subfield code='b'>Guo min da hui mi shu chu,</subfield><subfield code='c'>min 57.</subfield></datafield><datafield ind1=' ' ind2=' ' tag='880'><subfield code='6'>260-02</subfield><subfield code='a'>臺北市 :</subfield><subfield code='b'>國民大會秘書處,</subfield><subfield code='c'>民57</subfield></datafield><datafield ind1=' ' ind2=' ' tag='300'><subfield code='6'>880-03</subfield><subfield code='a'>[57] p. ;</subfield><subfield code='c'>18 cm.</subfield></datafield><datafield ind1=' ' ind2=' ' tag='880'><subfield code='6'>300-03</subfield><subfield code='a'>[57]面 ;</subfield><subfield code='c'>18公分</subfield></datafield><datafield ind1=' ' ind2=' ' tag='500'><subfield code='6'>880-04</subfield><subfield code='a'>Ying wen ti ming: Introduction Sur L&apos;Assemblee Nationale de&apos;la Republique de Chine.</subfield></datafield><datafield ind1=' ' ind2=' ' tag='880'><subfield code='6'>500-04</subfield><subfield code='a'>英文題名: Introduction Sur L&apos;Assemblee Nationale de&apos;la Republique de Chine</subfield></datafield><datafield ind1=' ' ind2=' ' tag='504'><subfield code='6'>880-05</subfield><subfield code='a'>Fu lu: Ying yi wen.</subfield></datafield><datafield ind1=' ' ind2=' ' tag='880'><subfield code='6'>504-05</subfield><subfield code='a'>附錄: 英譯文</subfield></datafield><datafield ind1=' ' ind2=' ' tag='563'><subfield code='6'>880-06</subfield><subfield code='a'>Ping zhuang.</subfield></datafield><datafield ind1=' ' ind2=' ' tag='880'><subfield code='6'>563-06</subfield><subfield code='a'>平裝</subfield></datafield><datafield ind1='2' ind2=' ' tag='710'><subfield code='6'>880-07</subfield><subfield code='a'>Guo min da hui.</subfield><subfield code='b'>Mi shu chu</subfield><subfield code='e'>bian.</subfield></datafield><datafield ind1='2' ind2=' ' tag='880'><subfield code='6'>710-07</subfield><subfield code='a'>國民大會</subfield><subfield code='b'>秘書處</subfield><subfield code='e'>編</subfield></datafield></record>